[gd_scene load_steps=13 format=2]

[ext_resource path="res://Code/Paths/PathNode.tscn" type="PackedScene" id=1]
[ext_resource path="res://Code/Utils/MyCamera.tscn" type="PackedScene" id=2]
[ext_resource path="res://Code/Tests/ControlTest.gd" type="Script" id=3]
[ext_resource path="res://Code/Vehicles/Systems/NodeDebugSystem.gd" type="Script" id=4]
[ext_resource path="res://Code/Vehicles/Systems/VehicleDebugSystem.gd" type="Script" id=5]
[ext_resource path="res://Code/Paths/PathNodeDespawner.tscn" type="PackedScene" id=6]
[ext_resource path="res://Code/Paths/PathNodeSpawner.tscn" type="PackedScene" id=7]
[ext_resource path="res://Code/Vehicles/Systems/VehiclePhysicsSystem.gd" type="Script" id=8]
[ext_resource path="res://Code/Vehicles/Systems/VehicleInputToMaterialSystem.gd" type="Script" id=9]
[ext_resource path="res://Code/Vehicles/Systems/VehicleAIInputSystem.gd" type="Script" id=10]
[ext_resource path="res://Code/Vehicles/Systems/EnableEditingSystem.gd" type="Script" id=12]
[ext_resource path="res://Code/Vehicles/Systems/VehiclePlayerInputSystem.gd" type="Script" id=15]

[node name="Spatial" type="Node2D"]
script = ExtResource( 3 )

[node name="MyCamera" parent="." instance=ExtResource( 2 )]
limit_top = -1000
limit_smoothed = true

[node name="PathNodeSpawner" parent="." instance=ExtResource( 7 )]
position = Vector2( -320, 15 )
z_index = 100
locked = true
priority_to = 5
min_spawn_time = 0.0
max_spawn_time = 2.0

[node name="PathNodeDespawn" parent="." instance=ExtResource( 6 )]
position = Vector2( -320, -15 )
z_index = 100
locked = true
attractiveness = 3

[node name="PathNodeSpawner2" parent="." instance=ExtResource( 7 )]
position = Vector2( 320, -15 )
locked = true
max_spawn_time = 3.0

[node name="PathNodeDespawn2" parent="." instance=ExtResource( 6 )]
position = Vector2( 320, 15 )
z_index = 100
locked = true
attractiveness = 3

[node name="PathNodeSpawner3" parent="." instance=ExtResource( 7 )]
position = Vector2( -15, -180 )
z_index = 100
locked = true
min_spawn_time = 0.0
max_spawn_time = 2.0

[node name="PathNodeDespawn3" parent="." instance=ExtResource( 6 )]
position = Vector2( 15, -180 )
z_index = 100
locked = true
attractiveness = 3

[node name="PathNodeSpawner4" parent="." instance=ExtResource( 7 )]
position = Vector2( 15, 180 )
locked = true
max_spawn_time = 3.0

[node name="PathNodeDespawn4" parent="." instance=ExtResource( 6 )]
position = Vector2( -15, 180 )
z_index = 100
locked = true
attractiveness = 3

[node name="PathNode" parent="." instance=ExtResource( 1 )]
position = Vector2( -15, -120 )
height = 1

[node name="PathNode2" parent="." instance=ExtResource( 1 )]
position = Vector2( 15, -120 )
height = 1

[node name="PathNode3" parent="." instance=ExtResource( 1 )]
position = Vector2( -15, 120 )
height = 1

[node name="PathNode4" parent="." instance=ExtResource( 1 )]
position = Vector2( 15, 120 )
height = 1

[node name="PathNode5" parent="." instance=ExtResource( 1 )]
position = Vector2( 120, -15 )

[node name="PathNode6" parent="." instance=ExtResource( 1 )]
position = Vector2( 120, 15 )

[node name="PathNode7" parent="." instance=ExtResource( 1 )]
position = Vector2( -120, -15 )

[node name="PathNode8" parent="." instance=ExtResource( 1 )]
position = Vector2( -120, 15 )

[node name="NodeDebugSystem" type="Node" parent="."]
script = ExtResource( 4 )

[node name="VehicleDebugSystem" type="Node" parent="."]
script = ExtResource( 5 )

[node name="VehicleAIInputSystem" type="Node" parent="."]
script = ExtResource( 10 )

[node name="VehicleInputToMaterialSystem" type="Node" parent="."]
script = ExtResource( 9 )

[node name="VehiclePhysicsSystem" type="Node" parent="."]
script = ExtResource( 8 )

[node name="EnableEditingSystem" type="Node" parent="."]
script = ExtResource( 12 )
use_fixed = false

[node name="VehiclePlayerInputSystem" type="Node" parent="."]
script = ExtResource( 15 )
